<record><leader>00000cas a2200000 a 4500</leader><controlfield tag="001">32247682</controlfield><controlfield tag="008">950403d19381943nyumr ne      0    0eng c</controlfield><datafield ind1=" " ind2=" " tag="010"><subfield code="a">sn 95071193 </subfield></datafield><datafield ind1=" " ind2=" " tag="040"><subfield code="a">NYS</subfield><subfield code="b">eng</subfield><subfield code="c">NYS</subfield><subfield code="d">OCLCQ</subfield><subfield code="d">OCLCF</subfield><subfield code="d">OCLCO</subfield></datafield><datafield ind1="1" ind2=" " tag="029"><subfield code="a">AU@</subfield><subfield code="b">000011783140</subfield></datafield><datafield ind1=" " ind2=" " tag="042"><subfield code="a">pcc</subfield></datafield><datafield ind1=" " ind2=" " tag="043"><subfield code="a">n-us-ny</subfield></datafield><datafield ind1="0" ind2=" " tag="130"><subfield code="a">Merrick life (Merrick, N.Y. : 1938)</subfield></datafield><datafield ind1="1" ind2="0" tag="245"><subfield code="a">Merrick life.</subfield></datafield><datafield ind1=" " ind2=" " tag="260"><subfield code="a">Merrick, N.Y. :</subfield><subfield code="b">Karl V. Anton, Jr.,</subfield><subfield code="c">1938-1943.</subfield></datafield><datafield ind1=" " ind2=" " tag="300"><subfield code="a">5 v.</subfield></datafield><datafield ind1=" " ind2=" " tag="310"><subfield code="a">Monthly,</subfield><subfield code="b">Jan.-Feb. 1943</subfield></datafield><datafield ind1=" " ind2=" " tag="321"><subfield code="a">Weekly,</subfield><subfield code="b">Oct. 22, 1938-&lt;Dec. 17&gt;, 1942</subfield></datafield><datafield ind1="0" ind2=" " tag="362"><subfield code="a">Vol. 1, no. 1 (Oct. 22, 1938)-v. 5, no. 13 (Feb. 1943).</subfield></datafield><datafield ind1=" " ind2="0" tag="651"><subfield code="a">Merrick (N.Y.)</subfield><subfield code="v">Newspapers.</subfield></datafield><datafield ind1=" " ind2="0" tag="651"><subfield code="a">Nassau County (N.Y.)</subfield><subfield code="v">Newspapers.</subfield></datafield><datafield ind1=" " ind2="7" tag="655"><subfield code="a">Newspapers.</subfield><subfield code="2">fast</subfield><subfield code="0">(OCoLC)fst01423814</subfield></datafield><datafield ind1=" " ind2="7" tag="651"><subfield code="a">New York (State)</subfield><subfield code="z">Merrick.</subfield><subfield code="2">fast</subfield><subfield code="0">(OCoLC)fst01260090</subfield></datafield><datafield ind1=" " ind2="7" tag="651"><subfield code="a">New York (State)</subfield><subfield code="z">Nassau County.</subfield><subfield code="2">fast</subfield><subfield code="0">(OCoLC)fst01205518</subfield></datafield><datafield ind1=" " ind2=" " tag="752"><subfield code="a">United States</subfield><subfield code="b">New York</subfield><subfield code="c">Nassau</subfield><subfield code="d">Merrick.</subfield></datafield><datafield ind1="0" ind2="0" tag="785"><subfield code="t">Meroke</subfield><subfield code="w">(DLC)sn 95071194</subfield><subfield code="w">(OCoLC)32247733</subfield></datafield></record>